<?xml version="1.0" encoding="UTF-8"?><collection xmlns="http://www.loc.gov/MARC21/slim"><record><leader>00398nam--2200133-i-4500</leader><controlfield tag="001">000039720</controlfield><controlfield tag="002">20161230</controlfield><controlfield tag="005">20161230201042</controlfield><controlfield tag="008">060222s1000------------r-----000-0-eng-d</controlfield><datafield ind1=" " ind2=" " tag="080"><subfield code="a">621.039.55:620.193(043)</subfield></datafield><datafield ind1=" " ind2=" " tag="100"><subfield code="a">Roth, Maria</subfield></datafield><datafield ind1=" " ind2=" " tag="245"><subfield code="a">Studiul fenomenului de fisurare lenta la aliajul zr-2.5%nb in conditii de hidrurare. rezumatul tezei</subfield></datafield><datafield ind1=" " ind2=" " tag="260"><subfield code="a">Bucuresti, Ifa, 1999, 48p</subfield></datafield><datafield ind1=" " ind2=" " tag="852"><subfield code="a">81046</subfield></datafield></record></collection>